<?xml version="1.0" encoding="UTF-8"?>
<marc:record xmlns:marc="http://www.loc.gov/MARC21/slim" xmlns:xsi="http://www.w3.org/2001/XMLSchema-instance" xsi:schemaLocation="http://www.loc.gov/standards/marcxml/schema/MARC21slim.xsd">
  <marc:leader>00000ncc a2200000 u 4500</marc:leader>
  <marc:controlfield tag="001">990039250</marc:controlfield>
  <marc:controlfield tag="003">DE-633</marc:controlfield>
  <marc:controlfield tag="005">20220131145754.0</marc:controlfield>
  <marc:controlfield tag="008">161111##################################</marc:controlfield>
  <marc:datafield tag="035" ind1=" " ind2=" ">
    <marc:subfield code="a">M 507; MM 507</marc:subfield>
  </marc:datafield>
  <marc:datafield tag="040" ind1=" " ind2=" ">
    <marc:subfield code="a">DE-633</marc:subfield>
  </marc:datafield>
  <marc:datafield tag="100" ind1="1" ind2=" ">
    <marc:subfield code="a">Marenzio, Luca</marc:subfield>
    <marc:subfield code="d">1553c-1599</marc:subfield>
    <marc:subfield code="0">pe30003955</marc:subfield>
  </marc:datafield>
  <marc:datafield tag="240" ind1="1" ind2="0">
    <marc:subfield code="a">Madrigali, libro 3</marc:subfield>
    <marc:subfield code="m">V (6)</marc:subfield>
    <marc:subfield code="0">5029038</marc:subfield>
  </marc:datafield>
  <marc:datafield tag="245" ind1="1" ind2="0">
    <marc:subfield code="a">Di Luca Marenzio il terzo libro de' Madrigali a sei voci. Novamente composto et dato in luce. In Vinegia, Appresso l'Herede di Girolamo Scotto</marc:subfield>
  </marc:datafield>
  <marc:datafield tag="260" ind1=" " ind2=" ">
    <marc:subfield code="a">Vinegia</marc:subfield>
    <marc:subfield code="b">l'Herede di Girolamo Scotto</marc:subfield>
    <marc:subfield code="c">1585</marc:subfield>
    <marc:subfield code="8">01</marc:subfield>
  </marc:datafield>
  <marc:datafield tag="300" ind1=" " ind2=" ">
    <marc:subfield code="a">6 parts</marc:subfield>
    <marc:subfield code="8">01</marc:subfield>
    <marc:subfield code="3"/>
  </marc:datafield>
  <marc:datafield tag="510" ind1="2" ind2=" ">
    <marc:subfield code="a">RISM A/I</marc:subfield>
    <marc:subfield code="c">M 507; MM 507</marc:subfield>
  </marc:datafield>
  <marc:datafield tag="588" ind1=" " ind2=" ">
    <marc:subfield code="a">I-Bc T.40</marc:subfield>
  </marc:datafield>
  <marc:datafield tag="590" ind1=" " ind2=" ">
    <marc:subfield code="a">S, A, T, B, V 5, V 6</marc:subfield>
    <marc:subfield code="8">01</marc:subfield>
  </marc:datafield>
  <marc:datafield tag="593" ind1=" " ind2=" ">
    <marc:subfield code="a">Print</marc:subfield>
    <marc:subfield code="8">01</marc:subfield>
  </marc:datafield>
  <marc:datafield tag="594" ind1=" " ind2=" ">
    <marc:subfield code="b">S</marc:subfield>
    <marc:subfield code="c">1</marc:subfield>
  </marc:datafield>
  <marc:datafield tag="594" ind1=" " ind2=" ">
    <marc:subfield code="b">A</marc:subfield>
    <marc:subfield code="c">1</marc:subfield>
  </marc:datafield>
  <marc:datafield tag="594" ind1=" " ind2=" ">
    <marc:subfield code="b">T</marc:subfield>
    <marc:subfield code="c">1</marc:subfield>
  </marc:datafield>
  <marc:datafield tag="594" ind1=" " ind2=" ">
    <marc:subfield code="b">B</marc:subfield>
    <marc:subfield code="c">1</marc:subfield>
  </marc:datafield>
  <marc:datafield tag="594" ind1=" " ind2=" ">
    <marc:subfield code="b">V 5</marc:subfield>
    <marc:subfield code="c">1</marc:subfield>
  </marc:datafield>
  <marc:datafield tag="594" ind1=" " ind2=" ">
    <marc:subfield code="b">V 6</marc:subfield>
    <marc:subfield code="c">1</marc:subfield>
  </marc:datafield>
  <marc:datafield tag="594" ind1=" " ind2=" ">
    <marc:subfield code="a">S, A, T, B, V 5, V 6</marc:subfield>
  </marc:datafield>
  <marc:datafield tag="599" ind1=" " ind2=" ">
    <marc:subfield code="b">full</marc:subfield>
  </marc:datafield>
  <marc:datafield tag="650" ind1="0" ind2="7">
    <marc:subfield code="a">Madrigals</marc:subfield>
    <marc:subfield code="0">25257</marc:subfield>
  </marc:datafield>
  <marc:datafield tag="700" ind1="1" ind2=" ">
    <marc:subfield code="a">Knoff, Georg</marc:subfield>
    <marc:subfield code="d">1550c-1605</marc:subfield>
    <marc:subfield code="0">pe50048775</marc:subfield>
    <marc:subfield code="3">150894</marc:subfield>
    <marc:subfield code="4">fmo</marc:subfield>
  </marc:datafield>
  <marc:datafield tag="710" ind1="2" ind2=" ">
    <marc:subfield code="a">Scotto, Gerolamo, erede</marc:subfield>
    <marc:subfield code="0">ks40009964</marc:subfield>
    <marc:subfield code="4">pbl</marc:subfield>
    <marc:subfield code="3"/>
  </marc:datafield>
  <marc:datafield tag="785" ind1="1" ind2="0">
    <marc:subfield code="a">Marenzio, Luca - Madrigals - S, A, T, B, V 5, V 6</marc:subfield>
    <marc:subfield code="w">990039251</marc:subfield>
  </marc:datafield>
  <marc:datafield tag="785" ind1="1" ind2="0">
    <marc:subfield code="a">Marenzio, Luca - Madrigals - S, A, T, B, V 5, V 6</marc:subfield>
    <marc:subfield code="w">990039252</marc:subfield>
  </marc:datafield>
  <marc:datafield tag="852" ind1="1" ind2="0">
    <marc:subfield code="a">B-Br</marc:subfield>
    <marc:subfield code="e">Bibliothèque royale de Belgique (KBR)</marc:subfield>
    <marc:subfield code="x">ks30000440</marc:subfield>
    <marc:subfield code="3">150884</marc:subfield>
    <marc:subfield code="c">[no indication]</marc:subfield>
    <marc:subfield code="p"/>
    <marc:subfield code="q">B</marc:subfield>
    <marc:subfield code="u"/>
    <marc:subfield code="z"/>
  </marc:datafield>
  <marc:datafield tag="852" ind1="1" ind2="0">
    <marc:subfield code="a">E-Zac</marc:subfield>
    <marc:subfield code="e">Archivo de Música de las Catedrales de Zaragoza. Archivos Catedralicios (El Pilar y La Seo)</marc:subfield>
    <marc:subfield code="x">ks30001405</marc:subfield>
    <marc:subfield code="3">150885</marc:subfield>
    <marc:subfield code="c">[no indication]</marc:subfield>
    <marc:subfield code="p"/>
    <marc:subfield code="q">A, T</marc:subfield>
    <marc:subfield code="u"/>
    <marc:subfield code="z"/>
  </marc:datafield>
  <marc:datafield tag="852" ind1="1" ind2="0">
    <marc:subfield code="a">F-A</marc:subfield>
    <marc:subfield code="e">Bibliothèque Ceccano</marc:subfield>
    <marc:subfield code="x">ks30003001</marc:subfield>
    <marc:subfield code="3">150886</marc:subfield>
    <marc:subfield code="c">[no indication]</marc:subfield>
    <marc:subfield code="p"/>
    <marc:subfield code="q">5</marc:subfield>
    <marc:subfield code="u"/>
    <marc:subfield code="z"/>
  </marc:datafield>
  <marc:datafield tag="852" ind1="1" ind2="0">
    <marc:subfield code="a">GB-Lbl</marc:subfield>
    <marc:subfield code="e">The British Library</marc:subfield>
    <marc:subfield code="x">ks30001581</marc:subfield>
    <marc:subfield code="3">150887</marc:subfield>
    <marc:subfield code="c">[no indication]</marc:subfield>
    <marc:subfield code="p"/>
    <marc:subfield code="q">5</marc:subfield>
    <marc:subfield code="u"/>
    <marc:subfield code="z"/>
  </marc:datafield>
  <marc:datafield tag="852" ind1=" " ind2=" ">
    <marc:subfield code="a">I-Bc</marc:subfield>
    <marc:subfield code="e">Museo internazionale e biblioteca della musica di Bologna</marc:subfield>
    <marc:subfield code="x">ks30001740</marc:subfield>
    <marc:subfield code="3">150888</marc:subfield>
    <marc:subfield code="c">T.40</marc:subfield>
    <marc:subfield code="p"/>
    <marc:subfield code="q">1 part: B</marc:subfield>
    <marc:subfield code="u"/>
    <marc:subfield code="z"/>
  </marc:datafield>
  <marc:datafield tag="852" ind1=" " ind2=" ">
    <marc:subfield code="a">I-Fb</marc:subfield>
    <marc:subfield code="b">Special Collections</marc:subfield>
    <marc:subfield code="e">Biblioteca Berenson - Morrill Music Library</marc:subfield>
    <marc:subfield code="x">ks30004727</marc:subfield>
    <marc:subfield code="3">51030336</marc:subfield>
    <marc:subfield code="c">M1582 .M4 1584 M</marc:subfield>
    <marc:subfield code="p"/>
    <marc:subfield code="q">2 parts: T, B</marc:subfield>
    <marc:subfield code="u"/>
    <marc:subfield code="z"/>
  </marc:datafield>
  <marc:datafield tag="852" ind1="1" ind2="0">
    <marc:subfield code="a">I-Fd</marc:subfield>
    <marc:subfield code="e">Biblioteca e Archivio dell'Opera del Duomo (S. Maria del Fiore)</marc:subfield>
    <marc:subfield code="x">ks30001779</marc:subfield>
    <marc:subfield code="3">150890</marc:subfield>
    <marc:subfield code="c">[no indication]</marc:subfield>
    <marc:subfield code="p"/>
    <marc:subfield code="q">B [unvollständig]</marc:subfield>
    <marc:subfield code="u"/>
    <marc:subfield code="z"/>
  </marc:datafield>
  <marc:datafield tag="852" ind1="1" ind2="0">
    <marc:subfield code="a">I-Fn</marc:subfield>
    <marc:subfield code="e">Biblioteca nazionale centrale</marc:subfield>
    <marc:subfield code="x">ks30001783</marc:subfield>
    <marc:subfield code="3">150889</marc:subfield>
    <marc:subfield code="c">[no indication]</marc:subfield>
    <marc:subfield code="p"/>
    <marc:subfield code="q">kpl.: S, A, T, B, 5, 6</marc:subfield>
    <marc:subfield code="u"/>
    <marc:subfield code="z"/>
  </marc:datafield>
  <marc:datafield tag="852" ind1="1" ind2="0">
    <marc:subfield code="a">I-Ls</marc:subfield>
    <marc:subfield code="e">Biblioteca diocesana Mons. Giuliano Agresti</marc:subfield>
    <marc:subfield code="x">ks30001812</marc:subfield>
    <marc:subfield code="3">150891</marc:subfield>
    <marc:subfield code="c">[no indication]</marc:subfield>
    <marc:subfield code="p"/>
    <marc:subfield code="q"/>
    <marc:subfield code="u"/>
    <marc:subfield code="z"/>
  </marc:datafield>
  <marc:datafield tag="852" ind1="1" ind2="0">
    <marc:subfield code="a">I-MOe</marc:subfield>
    <marc:subfield code="e">Biblioteca Estense</marc:subfield>
    <marc:subfield code="x">ks30001837</marc:subfield>
    <marc:subfield code="3">150892</marc:subfield>
    <marc:subfield code="c">[no indication]</marc:subfield>
    <marc:subfield code="p"/>
    <marc:subfield code="q"/>
    <marc:subfield code="u"/>
    <marc:subfield code="z"/>
  </marc:datafield>
  <marc:datafield tag="852" ind1="1" ind2="0">
    <marc:subfield code="a">I-Vnm</marc:subfield>
    <marc:subfield code="e">Biblioteca Nazionale Marciana</marc:subfield>
    <marc:subfield code="x">ks30000170</marc:subfield>
    <marc:subfield code="3">150893</marc:subfield>
    <marc:subfield code="c">[no indication]</marc:subfield>
    <marc:subfield code="p"/>
    <marc:subfield code="q">5</marc:subfield>
    <marc:subfield code="u"/>
    <marc:subfield code="z"/>
  </marc:datafield>
  <marc:datafield tag="852" ind1=" " ind2=" ">
    <marc:subfield code="a">PL-GD</marc:subfield>
    <marc:subfield code="e">Polska Akademia Nauk Biblioteka Gdańska</marc:subfield>
    <marc:subfield code="x">ks30002071</marc:subfield>
    <marc:subfield code="3">150894</marc:subfield>
    <marc:subfield code="c">Ee 1638 8° adl. 7</marc:subfield>
    <marc:subfield code="p"/>
    <marc:subfield code="q">complete: S, A, T, B, V5, V6</marc:subfield>
    <marc:subfield code="u"/>
    <marc:subfield code="z">Georg Knoff</marc:subfield>
  </marc:datafield>
  <marc:datafield tag="856" ind1=" " ind2=" ">
    <marc:subfield code="u">http://www.bibliotecamusica.it/cmbm/viewschedatwbca.asp?path=/cmbm/images/ripro/gaspari/_T/T040/</marc:subfield>
    <marc:subfield code="x">Digitized</marc:subfield>
    <marc:subfield code="z">Digital copy</marc:subfield>
    <marc:subfield code="3">150888</marc:subfield>
  </marc:datafield>
  <marc:datafield tag="856" ind1=" " ind2=" ">
    <marc:subfield code="u">https://pbc.gda.pl/publication/86130</marc:subfield>
    <marc:subfield code="x">Digitized</marc:subfield>
    <marc:subfield code="z">[digitized version]</marc:subfield>
    <marc:subfield code="3">150894</marc:subfield>
  </marc:datafield>
  <marc:datafield tag="973" ind1=" " ind2=" ">
    <marc:subfield code="u">1001160970</marc:subfield>
    <marc:subfield code="3">51030336</marc:subfield>
  </marc:datafield>
  <marc:datafield tag="973" ind1=" " ind2=" ">
    <marc:subfield code="u">1001202747</marc:subfield>
    <marc:subfield code="3">150894</marc:subfield>
  </marc:datafield>
  <marc:datafield tag="980" ind1=" " ind2=" ">
    <marc:subfield code="a">RISM</marc:subfield>
    <marc:subfield code="c">examined</marc:subfield>
  </marc:datafield>
</marc:record>
